@techreport{callaway2024difference,
  title={Difference-in-differences with a continuous treatment},
  author={Callaway, Brantly and Goodman-Bacon, Andrew and Sant'Anna, Pedro HC},
  year={2024},
  institution={National Bureau of Economic Research}
}
@article{baker2025difference,
  title={Difference-in-differences designs: A practitioner's guide},
  author={Baker, Andrew and Callaway, Brantly and Cunningham, Scott and Goodman-Bacon, Andrew and Sant'Anna, Pedro HC},
  journal={arXiv preprint arXiv:2503.13323},
  year={2025}
}
@book{imbens2015causal,
  title={Causal inference in statistics, social, and biomedical sciences},
  author={Imbens, Guido W and Rubin, Donald B},
  year={2015},
  publisher={Cambridge university press}
}
@article{abadie2005semiparametric,
  title={Semiparametric difference-in-differences estimators},
  author={Abadie, Alberto},
  journal={The review of economic studies},
  volume={72},
  number={1},
  pages={1--19},
  year={2005},
  publisher={Wiley-Blackwell}
}

@book{lawoti2010maoist,
  author    = {Lawoti, Mahendra and Pahara, Anup K.},
  title     = {The Maoist Insurgency in Nepal: Revolution in the Twenty First Century.},
  publisher = {Routeledge},
  year      = {2010},
  edition   = {1st}
}

@article{nepal2011more,
  title={More inequality, more killings: The Maoist insurgency in Nepal},
  author={Nepal, Mani and Bohara, Alok K and Gawande, Kishore},
  journal={American Journal of Political Science},
  volume={55},
  number={4},
  pages={886--906},
  year={2011},
  publisher={Wiley Online Library}
}

@article{do2010geography,
  title={Geography, poverty and conflict in Nepal},
  author={Do, Quy-Toan and Iyer, Lakshmi},
  journal={Journal of peace research},
  volume={47},
  number={6},
  pages={735--748},
  year={2010},
  publisher={Sage Publications Sage UK: London, England}
}

@incollection{lawoti2009violent,
  title={Violent conflict and change: Costs and benefits of the Maoist rebellion in Nepal},
  author={Lawoti, Mahendra},
  booktitle={The Maoist Insurgency in Nepal},
  pages={324--346},
  year={2009},
  publisher={Routledge}
}

@article{blattman2010civil,
  title={Civil war},
  author={Blattman, Christopher and Miguel, Edward},
  journal={Journal of Economic literature},
  volume={48},
  number={1},
  pages={3--57},
  year={2010},
  publisher={American Economic Association}
}

@article{justino2013poverty,
  title={Poverty dynamics, violent conflict, and convergence in r wanda},
  author={Justino, Patricia and Verwimp, Philip},
  journal={Review of Income and Wealth},
  volume={59},
  number={1},
  pages={66--90},
  year={2013},
  publisher={Wiley Online Library}
}

@article{alderman2006long,
  title={Long term consequences of early childhood malnutrition},
  author={Alderman, Harold and Hoddinott, John and Kinsey, Bill},
  journal={Oxford economic papers},
  volume={58},
  number={3},
  pages={450--474},
  year={2006},
  publisher={Oxford University Press}
}

@article{shemyakina2011effect,
  title={The effect of armed conflict on accumulation of schooling: Results from Tajikistan},
  author={Shemyakina, Olga},
  journal={Journal of Development Economics},
  volume={95},
  number={2},
  pages={186--200},
  year={2011},
  publisher={Elsevier}
}

@article{valente2014education,
  title={Education and civil conflict in Nepal},
  author={Valente, Christine},
  journal={The World Bank Economic Review},
  volume={28},
  number={2},
  pages={354--383},
  year={2014},
  publisher={Oxford University Press}
}

@article{menon2015war,
  title={War and women’s work: Evidence from the conflict in Nepal},
  author={Menon, Nidhiya and Van der Meulen Rodgers, Yana},
  journal={Journal of Conflict Resolution},
  volume={59},
  number={1},
  pages={51--73},
  year={2015},
  publisher={SAGE Publications Sage CA: Los Angeles, CA}
}

@article{sant2020doubly,
  title={Doubly robust difference-in-differences estimators},
  author={Sant’Anna, Pedro HC and Zhao, Jun},
  journal={Journal of econometrics},
  volume={219},
  number={1},
  pages={101--122},
  year={2020},
  publisher={Elsevier}
}


@article{bohara2006opportunity,
  title={Opportunity, democracy, and the exchange of political violence: A subnational analysis of conflict in Nepal},
  author={Bohara, Alok K and Mitchell, Neil J and Nepal, Mani},
  journal={Journal of conflict resolution},
  volume={50},
  number={1},
  pages={108--128},
  year={2006},
  publisher={Sage Publications Sage CA: Thousand Oaks, CA}
}
@article{goodman2021difference,
  title={Difference-in-differences with variation in treatment timing},
  author={Goodman-Bacon, Andrew},
  journal={Journal of econometrics},
  volume={225},
  number={2},
  pages={254--277},
  year={2021},
  publisher={Elsevier}
}

@report{insec2008,
	author       = {{Informal Sector Service Centre}},
	title        = {Human Rights Yearbook 2008},
	institution  = {INSEC},
	year         = {2008},
	address      = {Kathmandu, Nepal},
	url          = {https://insecresources.org.np/pages/download.php?direct=1&noattach=true&ref=5718&ext=pdf&k=5a042e2cc7},
	note         = {Annual Report}
}

@article{bertrand2004much,
	title={How much should we trust differences-in-differences estimates?},
	author={Bertrand, Marianne and Duflo, Esther and Mullainathan, Sendhil},
	journal={The Quarterly journal of economics},
	volume={119},
	number={1},
	pages={249--275},
	year={2004},
	publisher={MIT Press}
}
